@misc{eECd2xoXrJATrJgG,
  title = {[SSCAIT] Student StarCraft AI Tournament 2017},
  URL = {http://sscaitournament.com/},
}

@article{Synnaeve2012,
  author = {Gabriel Synnaeve and Pierre Bessiere},
  journal = {Artificial Intelligence in Adversarial Real-Time Games 2012},
  title = {A Dataset for StarCraft AI \& an Example of Armies Clustering},
  year = {2012},
  pages = {7},
  URL = {https://arxiv.org/abs/1211.4552},
}

@misc{BAP1jrCPSHw0ki9n,
  journal = {Day9TV},
  title = {A Starcraft AI seems incredibly difficult},
  year = {2013},
  URL = {https://day9.tv/d/jbigg2012/a-starcraft-ai-seems-incredibly-difficult/},
}

@misc{SmRSMc8RZzBdo0l7,
  journal = {GitHub},
  title = {A Starcraft Broodwar bot},
  subtitle = {Kusanagi},
  year = {2016},
  URL = {https://github.com/honzaMaly/kusanagi},
}

@article{Ontanon2013,
  author = {Santiago Ontanon and Gabriel Synnaeve and Alberto Uriarte and Florian Richoux and David Churchill and Mike Preuss},
  journal = {IEEE Transactions on Computational Intelligence and AI in Games},
  title = {A Survey of Real-Time Strategy Game AI Research and Competition in StarCraft},
  year = {2013},
  pages = {293-311},
  volume = {vol. 5},
  number = {issue 4},
  ISSN = {1943-068x},
  DOI = {10.1109/TCIAIG.2013.2286295},
  URL = {http://ieeexplore.ieee.org/document/6637024/},
}

@misc{kxhlf3ITMvSNryms,
  journal = {Bwapi wiki},
  title = {AIModule},
  year = {2013},
  URL = {https://github.com/RadicalZephyr/bwapi/wiki/AIModule},
}

@article{Ng2000,
  author = {Andrew Y. Ng and Stuart Russell},
  journal = {Proc. 17th International Conf. on Machine Learning},
  title = {Algorithms for Inverse Reinforcement Learning},
  year = {2000},
  pages = {663-670},
  URL = {http://citeseerx.ist.psu.edu/viewdoc/summary?doi=10.1.1.41.7513},
}

@article{dAr7gJmVKMXCftph,
  author = {Glen Robertson and Ian Watson},
  journal = {FLAIRS Conference},
  title = {An Improved Dataset and Extraction Process for Starcraft AI},
  pages = {6},
  volume = {2014},
  URL = {https://pdfs.semanticscholar.org/1bb9/3ae33a6367ef12c9a4b7a025710495167046.pdf},
}

@article{Wender2012,
  author = {Stefan Wender and Ian Watson},
  journal = {2012 IEEE Conference on Computational Intelligence and Games (CIG)},
  title = {Applying reinforcement learning to small scale combat in the real-time strategy game StarCraft},
  subtitle = {Broodwar},
  publisher = {IEEE},
  year = {2012},
  pages = {402-408},
  ISBN = {978-1-4673-1194-6},
  DOI = {10.1109/CIG.2012.6374183},
  URL = {http://ieeexplore.ieee.org/document/6374183/},
}

@misc{tI5eoDw2qgj5MnYJ,
  journal = {Rishabh Jangir},
  title = {Apprenticeship learning using Inverse Reinforcement Learning},
  year = {2016},
  URL = {https://jangirrishabh.github.io/2016/07/09/virtual-car-IRL/},
}

@article{Abbeel2004,
  author = {Pieter Abbeel and Andrew Y. Ng.},
  journal = {Proceedings of the twenty-first international conference on Machine learning. ACM},
  title = {Apprenticeship learning via inverse reinforcement learning},
  year = {2004},
  URL = {https://ai.stanford.edu/~ang/papers/icml04-apprentice.pdf},
}

@book{Russellc2010,
  author = {Stuart J. Russell and Peter. Norvig and Ernest. Davis},
  title = {Artificial intelligence},
  subtitle = {a modern approach},
  publisher = {Prentice Hall},
  address = {Upper Saddle River},
  year = {c2010},
  edition = {3rd ed.},
  ISBN = {978-0136042594},
}

@inproceedings{Abbeel2010-11-05,
  author = {P. Abbeel and A. Coates and A. Y. Ng},
  booktitle = {The International Journal of Robotics Research},
  title = {Autonomous Helicopter Aerobatics through Apprenticeship Learning},
  year = {2010-11-05},
  pages = {1608-1639},
  volume = {vol. 29},
  number = {issue 13},
  ISSN = {0278-3649},
  DOI = {10.1177/0278364910371999},
  URL = {http://ijr.sagepub.com/cgi/doi/10.1177/0278364910371999},
}

@misc{gz9cjJbc8cR3s6sE,
  journal = {[SSCAIT] Student StarCraft AI Tournament 2017},
  title = {BWAPI + BWMirror Tutorial (Java)},
  year = {2015},
  URL = {http://www.sscaitournament.com/index.php?action=tutorial},
}

@misc{zMf09PkqfAQx3tFt,
  title = {BWAPI 4.2.0},
  subtitle = {An API for interacting with Starcraft: Broodwar (1.16.1)},
  year = {2017},
  URL = {https://bwapi.github.io/},
}

@misc{mnPBjg6lC2HqLv5y,
  title = {BWMirror API},
  subtitle = {An API for SC:Broodwar AIs BWMirror API allows you to treat native BWAPI C/C++ objects as if they were Java objects},
  URL = {https://github.com/vjurenka/BWMirror},
}

@article{pBRGN4Ye3U2TB601,
  author = {Matej Moravčík and Martin Schmid and Neil Burch and Viliam Lisý and Dustin Morrill and Nolan Bard and Trevor Davis and Kevin Waugh and Michael Johanson and Michael Bowling},
  journal = {Science},
  title = {DeepStack},
  subtitle = {Expert-level artificial intelligence in heads-up no-limit poker},
  pages = {eaam6960-},
  ISSN = {0036-8075},
  DOI = {10.1126/science.aam6960},
  URL = {http://www.sciencemag.org/lookup/doi/10.1126/science.aam6960},
}

@book{Coulourisc2012,
  author = {George F. Coulouris},
  title = {Distributed systems},
  subtitle = {concepts and design},
  publisher = {Addison-Wesley},
  address = {Boston},
  year = {c2012},
  edition = {5th ed.},
  ISBN = {978-0132143011},
}

@misc{gq7r0taRufnYRrgP,
  journal = {Wikipedia: the free encyclopedia},
  title = {Elo rating system},
  publisher = {Wikimedia Foundation},
  address = {San Francisco (CA)},
  year = {2001-},
  URL = {https://en.m.wikipedia.org/wiki/Elo_rating_system},
}

@book{Vidal2016,
  author = {José M. Vidal},
  title = {Fundamentals of multiagent systems: using netLogo models},
  year = {2016},
  URL = {http://www.multiagent.com/fmas},
}

@article{Viglietta2014,
  author = {Giovanni Viglietta},
  journal = {Theory of Computing Systems},
  title = {Gaming Is a Hard Job, but Someone Has to Do It!},
  year = {2014},
  pages = {595-621},
  volume = {vol. 54},
  number = {issue 4},
  ISSN = {1432-4350},
  DOI = {10.1007/s00224-013-9497-5},
  URL = {http://link.springer.com/10.1007/s00224-013-9497-5},
}

@masterthesis{Churchill2016,
  author = {David Churchill},
  title = {Heuristic Search Techniques for Real-Time Strategy Games},
  address = {University of Alberta},
  year = {2016},
}

@article{Uriarte2016,
  author = {Alberto Uriarte and Santiago Ontanom},
  journal = {AIIDE},
  title = {Improving Terrain Analysis and Applications to RTS Game AI},
  year = {2016},
  URL = {https://bitbucket.org/auriarte/bwta2},
}

@book{BenG.Weber.2012,
  author = { Ben G. Weber.},
  title = {Integrating learning in a multi-scale agent},
  publisher = {University of California},
  address = {Santa Cruz},
  year = {2012},
  edition = {2012},
  ISBN = {14-776-1473-7},
  URL = {http://alumni.soe.ucsc.edu/~bweber/bweber-dissertation.pdf},
}

@article{Raff2017,
  author = {Edward Raff},
  journal = {Journal of Machine Learning Research},
  title = {JSAT: Java Statistical Analysis Tool, a Library for Machine Learning},
  year = {2017},
  pages = {1-5},
  volume = {18},
  number = {23},
  URL = {http://www.jmlr.org/papers/v18/16-131.html},
}

@article{Hamerly2003,
  author = {Greg Hamerly and Charles Elkan},
  journal = {Annual conference on neural information processing systems (NIPS)},
  title = {Learning the K in K-Means},
  year = {2003},
  pages = {281–288},
  volume = {17},
  URL = {https://papers.nips.cc/paper/2526-learning-the-k-in-k-means.pdf},
}

@misc{dwEQ50KlCgO1rPyB,
  title = {Liquipedia},
  URL = {http://wiki.teamliquid.net/starcraft/Main_Page},
}

@article{Hamerly2010,
  author = {Greg Hamerly},
  journal = {SIAM international conference on data mining},
  title = {Making k-means even faster},
  year = {2010},
  volume = {2010},
  URL = {http://cs.baylor.edu/~hamerly/papers/sdm_2010.pdf},
}

@article{Silver2016-1-27,
  author = {David Silver and Aja Huang and Chris J. Maddison and Arthur Guez and Laurent Sifre and George van den Driessche and Julian Schrittwieser and Ioannis Antonoglou and Veda Panneershelvam and Marc Lanctot and Sander Dieleman and Dominik Grewe and John Nham and Nal Kalchbrenner and Ilya Sutskever and Timothy Lillicrap and Madeleine Leach and Koray Kavukcuoglu and Thore Graepel and Demis Hassabis},
  journal = {Nature},
  title = {Mastering the game of Go with deep neural networks and tree search},
  year = {2016-1-27},
  pages = {484-489},
  volume = {vol. 529},
  number = {issue 7587},
  ISSN = {0028-0836},
  DOI = {10.1038/nature16961},
}

@masterthesis{Perez2011,
  author = {Alberto Uriarte Pérez},
  title = {Multi-Reactive Planning for Real-Time Strategy Games},
  address = {Barcelona},
  year = {2011},
  school = {Universitat Autònoma de Barcelona},
}

@book{Shoham2009,
  author = {Yoav. Shoham and Kevin Leyton-Brown},
  title = {Multiagent systems},
  subtitle = {algorithmic, game-theoretic, and logical foundations},
  publisher = {Cambridge University Press},
  address = {New York},
  year = {2009},
  edition = {2008},
  ISBN = {05-218-9943-5},
}

@book{EditedbyGerhardWeiss.2001,
  author = {Gerhard Weiss.},
  title = {Multiagent systems},
  subtitle = {a modern approach to distributed artificial intelligence},
  publisher = {The MIT Press},
  address = {Cambridge, Massachusetts},
  year = {2001},
  edition = {Reprint.},
  ISBN = {978-026-2731-317},
}

@misc{fXzZokacdiWGQC88,
  journal = {No Free Lunch Theorems},
  title = {No Free Lunch Theorems},
  URL = {http://www.no-free-lunch.org/},
}

@masterthesis{Fiedler2016,
  author = {David Fiedler},
  title = {Použití metod multiagantních systémů pro implementaci umělé inteligence v real-time strategiích},
  address = {Plzeň},
  year = {2016},
  school = {Západočeská univerzita v Plzni},
}

@article{Buro2003,
  author = {Michael Buro},
  journal = {IN PROCEEDINGS OF THE 18TH INTERNATIONAL JOINT CONFERENCE ON ARTIFICIAL INTELLIGENCE},
  title = {Real-Time Strategy Games: A New AI Research Challenge},
  year = {2003},
  pages = {1534--153},
}

@misc{rxteaxmYlVlcHX9A,
  journal = {Teamliquid},
  title = {Replays...},
  year = {2015},
  URL = {http://www.teamliquid.net/forum/brood-war/310883-replays},
}

@misc{1tNmUmiNgNfXE8wU,
  title = {StarCraft AI},
  year = {2016},
  URL = {http://www.starcraftai.com/wiki/Main_Page},
}

@article{Churchill2016-6-6,
  author = {David Churchill and Mike Preuss and Florian Richoux and Gabriel Synnaeve and Alberto Uriarte and Santiago Ontannón and Michal Čertický},
  journal = {Encyclopedia of Computer Graphics and Games},
  title = {StarCraft Bots and Competitions},
  publisher = {Springer International Publishing},
  address = {Cham},
  year = {2016},
  pages = {1},
  ISBN = {978-3-319-08234-9},
  DOI = {10.1007/978-3-319-08234-9_18-1},
  URL = {http://link.springer.com/10.1007/978-3-319-08234-9_18-1},
}

@misc{GM7UjOJpGal35Z2a,
  journal = {StarCraft AI},
  title = {StarCraft Brood War Data Mining},
  URL = {http://www.starcraftai.com/wiki/StarCraft_Brood_War_Data_Mining},
}

@misc{Y4gR999wLBmcbWSC,
  journal = {E-Sports Earnings},
  title = {StarCraft: Brood War Prize Pool \& Top Players},
  URL = {http://www.esportsearnings.com/games/152-starcraft-brood-war},
}

@misc{570KjfSrHj5Bl1IT,
  journal = {GitHub},
  title = {StarcraftAITournamentManager},
  year = {2016},
  URL = {https://github.com/davechurchill/StarcraftAITournamentManager},
}

@inproceedings{UfkEokqXydpWewYM,
  author = {James MacGlashan},
  booktitle = {},
  title = {The Brown-UMBC Reinforcement Learning and Planning},
}

@article{Garcia-Sanchez2015,
  author = {Pablo Garcia-Sanchez and Alberto Tonda and Antonio M. Mora and Giovanni Squillero and J.J. Merelo},
  journal = {2015 IEEE Conference on Computational Intelligence and Games (CIG)},
  title = {Towards automatic StarCraft strategy generation using genetic programming},
  publisher = {IEEE},
  year = {2015},
  pages = {284-291},
  ISBN = {978-1-4799-8622-4},
  DOI = {10.1109/CIG.2015.7317940},
  URL = {http://ieeexplore.ieee.org/document/7317940/},
}

@misc{NBLncHGCl32Sf18m,
  journal = {AiGameDev.com},
  title = {Understanding Behavior Trees},
  year = {2007},
  URL = {http://aigamedev.com/open/article/bt-overview/},
}

@inproceedings{Weber2010,
  author = {Ben G. Weber and Santiago Ontanon},
  booktitle = {},
  title = {Using Automated Replay Annotation for Case-Based Planning in Games},
  year = {2010},
  pages = {8},
}

@article{Sculley2010,
  author = {D. Sculley},
  journal = {Proceedings of the 19th international conference on World wide web - WWW '10},
  title = {Web-scale k-means clustering},
  publisher = {ACM Press},
  address = {New York, New York, USA},
  year = {2010},
  pages = {1177-},
  ISBN = {9781605587998},
  DOI = {10.1145/1772690.1772862},
  URL = {http://portal.acm.org/citation.cfm?doid=1772690.1772862},
}

@article{Certicky2013,
  title={Implementing a wall-in building placement in starcraft with declarative programming},
  author={Certicky, Michal},
  journal={arXiv preprint arXiv:1306.4460},
  year={2013}
}

@inproceedings{certicky2013case,
  title={Case-Based Reasoning for Army Compositions in Real-Time Strategy Games},
  author={Certicky, Martin and Certicky, Michal},
  booktitle={Scientific Conference of Young Researchers 2013},
  pages={70--73},
  year={2013},
  organization={FEI, Technical University of Ko{\v{s}}ice}
}

@misc{wEdtRVuUf1ducyzE,
  journal = {New Scientist},
  title = {DeepMind’s AlphaGo is secretly beating human players online},
  URL = {https://www.newscientist.com/article/2117067-deepminds-alphago-is-secretly-beating-human-players-online/},
}


